@misc{grafana_authentication,
  author       = {{Grafana Labs}},
  title        = {Configure Grafana authentication},
  year         = {2024},
  url          = {https://grafana.com/docs/grafana/latest/setup-grafana/configure-security/configure-authentication/},
  note         = {Accessed: 2024-09-20}
}

@misc{grafana_oauth,
  author       = {{Grafana Labs}},
  title        = {Configure generic OAuth2 authentication},
  year         = {2024},
  url          = {https://grafana.com/docs/grafana/latest/setup-grafana/configure-security/configure-authentication/generic-oauth/},
  note         = {Accessed: 2024-09-20}
}

@misc{keycloak,
  author       = {Keycloak},
  title        = {Keycloak: Open Source Identity and Access Management},
  year         = {n.d.},
  url          = {https://www.keycloak.org/},
  note         = {Accessed: 2024-09-20}
}

@misc{bitnami_keycloak,
  author       = {Bitnami},
  title        = {Keycloak Helm Chart},
  year         = {2024},
  url          = {https://github.com/bitnami/charts/tree/main/bitnami/keycloak},
  note         = {Accessed: 2024-09-20}
}

@misc{ctfd_sso,
  title = {Single Sign-On},
  author = {{CTFd}},
  year = {2024},
  url = {https://docs.ctfd.io/docs/settings/single-sign-on/},
  note = {Accessed: 2024-09-21}
}

@misc{ctfd_plugins,
  title = {Plugin Development Overview},
  author = {{CTFd}},
  year = {2024},
  url = {https://docs.ctfd.io/docs/plugins/overview/},
  note = {Accessed: 2024-09-21}
}

@misc{python_keycloak,
  title = {Python Keycloak Documentation},
  author = {{Read the Docs}},
  year = {2024},
  url = {https://python-keycloak.readthedocs.io/en/latest/},
  note = {Accessed: 2024-09-21}
}

@misc{CTFdUsersAPI,
  author = {{CTFd}},
  title = {CTFd Users API},
  year = {2024},
  howpublished = {\url{https://github.com/CTFd/CTFd/blob/edbc1e1ecb26576da1ce6349094a73e688ea9354/CTFd/api/v1/users.py}},
  note = {Accessed: 2024-09-24}
}

@misc{GrafanaKeycloak,
  author = {{Grafana Labs}},
  title = {Configure Keycloak OAuth2 authentication},
  year = {2023},
  howpublished = {\url{https://grafana.com/docs/grafana/latest/setup-grafana/configure-security/configure-authentication/keycloak/}},
  note = {Accessed: 2024-09-24}
}

@misc{grafana_authentication,
  title = {Configure Authentication},
  author = {{Grafana Labs}},
  year = {2024},
  url = {https://grafana.com/docs/grafana/latest/setup-grafana/configure-security/configure-authentication/#using-the-same-email-address-to-login-with-different-identity-providers},
  note = {Accessed: 2024-09-24}
}

@manual{keycloakGrantTypes,
  title        = {Securing Applications and Services Guide},
  author       = {Keycloak},
  year         = {n.d.},
  url          = {https://www.keycloak.org/docs/25.0.6/securing_apps/#supported-grant-types},
  note         = {Accessed: 2024-09-30}
}

@misc{europe_digital_decade,
  title        = {Europe's Digital Decade: Digital Targets for 2030},
  author       = {{European Commission}},
  year         = {n.d.},
  url          = {https://commission.europa.eu/strategy-and-policy/priorities-2019-2024/europe-fit-digital-age/europes-digital-decade-digital-targets-2030_en},
  note         = {Accessed: 2025-03-31}
}


@misc{danish_digital_journey,
  title        = {The Danish Digital Journey},
  author       = {{Agency for Digital Government}},
  year         = {n.d.},
  url          = {https://en.digst.dk/policy/the-danish-digital-journey/},
  note         = {Accessed: 2025-03-31}
}

@misc{ctf_overview,
  title        = {What's a CTF?},
  author       = {{CTFd}},
  year         = {n.d.},
  url          = {https://ctfd.io/whats-a-ctf/},
  note         = {Accessed: 2025-03-31}
}

@misc{SDUCloud,
  title        = {UCloud Dashboard},
  author       = {UCloud},
  url          = {https://cloud.sdu.dk},
  note         = {Accessed: 2025-03-31}
}

@online{sdu_cloud_providers,
  title     = {UCloud Providers},
  author    = {UCloud},
  url       = {https://cloud.sdu.dk/app/providers/connect},
  note      = {Accessed: 2025-04-08},
}


@misc{Hetzner,
  author       = {{Hetzner Online GmbH}},
  title        = {Hetzner},
  url          = {https://www.hetzner.com/},
  note         = {Accessed: 2025-03-31}
}

@online{hetznercloud,
  author       = {{Hetzner Online GmbH}},
  title        = {Hetzner Cloud Pricing},
  year         = {n.d.},
  url          = {https://www.hetzner.com/cloud/},
  note         = {Accessed: 2025-04-08}
}

@online{hetzner_nested_virtualization,
  author    = {{Hetzner Online GmbH}},
  title     = {FAQ - Can I run virtual machines on cloud servers, or rather, is nested virtualization possible?},
  year      = {2025},
  url       = {https://docs.hetzner.com/cloud/servers/faq/#can-i-run-virtual-machines-on-cloud-servers-or-rather-is-nested-virtualization-possible},
  note      = {Accessed: 2025-04-08}
}

@misc{google2025pricing,
  title = {Compute Engine Pricing},
  author = {Google Cloud},
  year = {2025},
  url = {https://cloud.google.com/compute/all-pricing},
  note = {Accessed: 2025-04-08}
}

@misc{gcp_nested_virtualization,
  author       = {Google Cloud},
  title        = {Enabling Nested Virtualization},
  year         = {2025},
  url          = {https://cloud.google.com/compute/docs/instances/nested-virtualization/enabling},
  note         = {Accessed: 2025-04-08}
}


@misc{seven2014knightmare,
  author = {Doug Seven},
  title = {Knightmare: A DevOps Cautionary Tale},
  year = {2014},
  url = {https://dougseven.com/2014/04/17/knightmare-a-devops-cautionary-tale/},
  note = {Accessed: 2025-04-01}
}

@misc{pulumi_vs_terraform,
  title = {Pulumi vs Terraform},
  author = {Pulumi},
  year = {n.d.},
  url = {https://www.pulumi.com/docs/iac/concepts/vs/terraform/},
  note = {Accessed: 2025-04-01}
}

@misc{hashicorpTerraform,
  author       = {Hashicorp},
  title        = {The Story of HashiCorp Terraform with Mitchell Hashimoto},
  year         = {2021},
  url          = {https://www.hashicorp.com/en/resources/the-story-of-hashicorp-terraform-with-mitchell-hashimoto},
  note         = {Accessed: 2025-04-01},
}

@misc{pulumiAbout,
  author       = {Pulumi},
  title        = {About Pulumi},
  year         = {2025},
  url          = {https://www.pulumi.com/about/},
  note         = {Accessed: 2025-04-01},
}

@misc{pulumiLicense2025,
  author       = {Pulumi},
  title        = {Pulumi License},
  year         = {2025},
  url          = {https://github.com/pulumi/pulumi/blob/master/LICENSE},
  note         = {Accessed: 2025-04-01},
}

@misc{opentofu,
  author       = {OpenTofu},
  title        = {OpenTofu Project},
  year         = {2025},
  url          = {https://opentofu.org/},
  note         = {Accessed: 2025-04-01},
}

@misc{opentofuLicense2025,
  author       = {OpenTofu},
  title        = {OpenTofu License},
  year         = {2025},
  url          = {https://github.com/opentofu/opentofu/blob/main/LICENSE},
  note         = {Accessed: 2025-04-01},
}

@misc{pulumiMigration2025,
  author       = {Pulumi},
  title        = {Migrating to Pulumi: Conversion Guide},
  year         = {2025},
  url          = {https://www.pulumi.com/docs/iac/adopting-pulumi/migrating-to-pulumi/#conversion},
  note         = {Accessed: 2025-04-01},
}

@misc{pulumiProjects2025,
  author       = {Pulumi},
  title        = {Organizing Projects and Stacks in Pulumi},
  year         = {2025},
  url          = {https://www.pulumi.com/docs/iac/using-pulumi/organizing-projects-stacks/},
  note         = {Accessed: 2025-04-01},
}

@misc{ansible_license,
  author    = {Ansible Community},
  title     = {License File},
  year      = {2025},
  url       = {https://github.com/ansible/community/blob/main/LICENSE},
  note      = {Accessed: 2025-04-05}
}

@misc{spacelift_iac_tools,
  title        = {16 Most Useful Infrastructure as Code (IaC) Tools for 2025},
  author       = {Dinu, Flavius},
  year         = {2025},
  url          = {https://spacelift.io/blog/infrastructure-as-code-tools},
  note         = {Accessed: 2025-04-05}
}

@misc{techtarget_agnostic_definition,
  title        = {What does agnostic mean?},
  author       = {Wright, Gavin},
  year         = {n.d.},
  url          = {https://www.techtarget.com/whatis/definition/agnostic},
  note         = {Accessed: 2025-04-05}
}

@online{opsramp_kubernetes_origin,
  author       = {OpsRamp},
  title        = {Who Made Kubernetes And Why Is It Popular?},
  url          = {https://www.opsramp.com/guides/why-kubernetes/who-made-kubernetes/},
  year         = {n.d.},
  note         = {Accessed: 2025-04-05}
}


@online{googlek8spv,
  title = {Persistent volumes and dynamic provisioning},
  author = {{Google Cloud}},
  year = {2025},
  url = {https://cloud.google.com/kubernetes-engine/docs/concepts/persistent-volumes},
  note = {Accessed: April 8, 2025}
}

@misc{kubernetes_hostpath,
  title = {HostPath - Kubernetes Documentation},
  year = {2025},
  author = {Kubernetes},
  url = {https://kubernetes.io/docs/concepts/storage/volumes/#hostpath},
  note = {Accessed: 2025-04-08}
}

@misc{kubernetesPersistentVolumes,
  title = {Persistent Volumes},
  author = {Kubernetes},
  year = {2025},
  note = {Accessed: 2025-04-08},
  url = {https://kubernetes.io/docs/concepts/storage/persistent-volumes/}
}

@misc{rancher_local_path_provisioner,
  title = {Local Path Provisioner},
  author = {Rancher},
  year = {2025},
  url = {https://github.com/rancher/local-path-provisioner},
  note = {Accessed: 2025-04-08}
}

@misc{kubernetes_storage_classes,
  title = {Storage Classes},
  author = {Kubernetes},
  year = {2025},
  url = {https://kubernetes.io/docs/concepts/storage/storage-classes/},
  note = {Accessed: 2025-04-08}
}

@misc{kubernetes_storage_classes_nfs,
    title        = {Kubernetes NFS Storage Class},
    author       = {Kubernetes},
    year         = {2025},
    url          = {https://kubernetes.io/docs/concepts/storage/storage-classes/#nfs},
    note         = {Accessed: 2025-04-09}
}

@misc{ubuntu_nfs_setup,
    title        = {Network File System (NFS)},
    author       = {Ubuntu, Server},
    year         = {2025},
    url          = {https://documentation.ubuntu.com/server/how-to/networking/install-nfs/index.html},
    note         = {Accessed: 2025-04-09}
}

@misc{cloudflare_tls_handshake,
  title        = {What Happens in a TLS Handshake?},
  author       = {Cloudflare},
  year         = {n.d.},
  url          = {https://www.cloudflare.com/learning/ssl/what-happens-in-a-tls-handshake/},
  note         = {Accessed: 2025-04-09}
}

@misc{ibm_digital_certificates,
  title        = {Overview of Digital Certificates},
  author       = {IBM},
  year         = {n.d.},
  url          = {https://www.ibm.com/docs/en/integration-bus/10.0?topic=overview-digital-certificates},
  note         = {Accessed: 2025-04-09}
}

@misc{letsencrypt_certificates,
  title        = {Chains of Trust},
  author       = {{Let's Encrypt}},
  year         = {2024},
  url          = {https://letsencrypt.org/certificates/},
  note         = {Accessed: 2025-04-09}
}

@misc{globalsign_certificate_lifespans,
  title        = {From 90 Days to 47: The Evolution of Certificate Lifespans and the Role of Automation},
  author       = {Hayes, Debbie},
  year         = {2024},
  url          = {https://www.globalsign.com/en/blog/90-days-to-47-certificate-lifespans-and-automation},
  note         = {Accessed: 2025-04-09}
}

@misc{letsencrypt_faq,
  title        = {What is the lifetime for Let's Encrypt certificates? For how long are they valid?},
  author       = {{Let's Encrypt}},
  year         = {2024},
  url          = {https://letsencrypt.org/docs/faq/#what-is-the-lifetime-for-let-s-encrypt-certificates-for-how-long-are-they-valid},
  note         = {Accessed: 2025-04-09}
}

@misc{letsencrypt_isrg_anniversary,
  title        = {The ACME Protocol is an IETF Standard},
  author       = {{Let's Encrypt}},
  year         = {2023},
  url          = {https://letsencrypt.org/2019/03/11/acme-protocol-ietf-standard/},
  note         = {Accessed: 2025-04-09}
}

@misc{certbot_plugins,
  title        = {Getting certificates (and choosing plugins)},
  author       = {{Certbot Documentation}},
  year         = {2025},
  url          = {https://eff-certbot.readthedocs.io/en/latest/using.html#plugins},
  note         = {Accessed: 2025-04-09}
}


@misc{letsencrypt_challenge_types,
  title        = {ACME Challenge Types},
  author       = {{Let's Encrypt}},
  year         = {n.d.},
  url          = {https://letsencrypt.org/docs/challenge-types/},
  note         = {Accessed: 2025-04-09}
}

@misc{letsencrypt_peter_eckersley,
  title        = {Remembering Peter Eckersley},
  author       = {{Let's Encrypt}},
  year         = {2022},
  url          = {https://letsencrypt.org/2022/09/12/remembering-peter-eckersley/},
  note         = {Accessed: 2025-04-09}
}

@misc{smallstep,
  title        = {Smallstep},
  author       = {Smallstep},
  year         = {2025},
  url          = {https://smallstep.com/},
  note         = {Accessed: 2025-04-09}
}

@misc{smallstep_certificates,
  title        = {Smallstep Certificates},
  author       = {Smallstep},
  year         = {2025},
  url          = {https://github.com/smallstep/certificates},
  note         = {Accessed: 2025-04-09}
}

@misc{smallstep_autocert,
  title        = {Smallstep Autocert},
  author       = {Smallstep},
  year         = {2025},
  url          = {https://github.com/smallstep/autocert},
  note         = {Accessed: 2025-04-09}
}

@misc{toptal_service_mesh,
  title        = {A Kubernetes Service Mesh Comparison},
  author       = {Dury, Guillaume},
  year         = {n.d.},
  url          = {https://www.toptal.com/kubernetes/service-mesh-comparison},
  note         = {Accessed: 2025-04-09}
}

@misc{istio_license,
  title        = {Istio License},
  author       = {Istio},
  year         = {2025},
  url          = {https://github.com/istio/istio/blob/master/LICENSE},
  note         = {Accessed: 2025-04-09}
}

@misc{istio_architecture,
  title        = {Istio Deployment Architecture},
  author       = {Istio},
  year         = {n.d.},
  url          = {https://istio.io/latest/docs/ops/deployment/architecture/},
  note         = {Accessed: 2025-04-09}
}

@misc{geeksforgeeks2025,
  author = {{GeeksforGeeks}},
  title = {Centralized vs. Decentralized vs. Distributed Systems},
  year = {2025},
  url = {https://www.geeksforgeeks.org/comparison-centralized-decentralized-and-distributed-systems/},
  note = {Accessed: 11 April 2025}
}

@manual{keycloakDocs,
  author = {Keycloak},
  title = {Keycloak Server Administration Guide},
  year = {n.d.},
  url = {https://www.keycloak.org/docs/latest/server_admin/index.html},
  note = {Accessed: 11 April 2025}
}

@misc{openidImplementations,
  author = {{OpenID Foundation}},
  title = {Certified OpenID Connect Implementations},
  year = {n.d.},
  url = {https://openid.net/developers/certified-openid-connect-implementations/},
  note = {Accessed: 11 April 2025}
}

@misc{digitalai2025devsecops,
  author = {Digital.ai},
  title = {Periodic Table of DevSecOps Tools},
  year = {n.d.},
  url = {https://digital.ai/learn/devsecops-periodic-table/},
  note = {Accessed: 12 April 2025}
}

@misc{kibana2025,
  author = {Elastic},
  title = {Kibana GitHub Repository},
  year = {2025},
  url = {https://github.com/elastic/kibana/tree/main},
  note = {Accessed: April 12, 2025}
}

@misc{grafana2025,
  author = {Grafana},
  title = {Grafana GitHub Repository},
  year = {2025},
  url = {https://github.com/grafana/grafana},
  note = {Accessed: April 12, 2025}
}

@misc{kibana-docker2025,
  author = {Elastic},
  title = {Kibana Docker Hub Repository},
  year = {2025},
  url = {https://hub.docker.com/_/kibana},
  note = {Accessed: April 12, 2025}
}

@misc{odegaard2019grafana,
  author = {Ödegaard, Torkel},
  title = {The (Mostly) Complete History of Grafana UX},
  year = {2019},
  url = {https://grafana.com/blog/2019/09/03/the-mostly-complete-history-of-grafana-ux/},
  note = {Accessed: 2025-04-12}
}

@misc{grafana_graphite,
  author = {Grafana},
  title = {About Graphite},
  year = {n.d.},
  url = {https://grafana.com/oss/graphite/},
  note = {Accessed: 2025-04-12}
}

@online{VictoriaMetricsDocs,
  author    = {VictoriaMetrics},
  title     = {VictoriaMetrics Documentation},
  year      = {n.d.},
  url       = {https://docs.victoriametrics.com/},
  urldate   = {2025-04-12}
}

@misc{victoriametrics2025,
  author = {VictoriaMetrics},
  title = {VictoriaMetrics GitHub},
  year = {2025},
  url = {https://github.com/VictoriaMetrics/VictoriaMetrics},
  note = {Accessed: 2025-04-12}
}

@misc{last9_prometheus_vs_victoriametrics,
  author = {Last9},
  title = {Prometheus vs. VictoriaMetrics (VM)},
  year = {2023},
  url = {https://last9.io/blog/prometheus-vs-victoriametrics/},
  note = {Accessed: 2025-04-12}
}

@misc{grafana_mimir,
  author = {Grafana},
  title = {What is Grafana Mimir?},
  year = {n.d.},
  url = {https://grafana.com/oss/mimir/},
  note = {Accessed: 2025-04-12}
}

@misc{grafana_prometheus_intro,
  author = {Grafana},
  title = {Introduction to Prometheus},
  year = {n.d.},
  url = {https://grafana.com/docs/grafana/latest/fundamentals/intro-to-prometheus/},
  note = {Accessed: 2025-04-12}
}

@misc{prometheus_github,
  author = {Prometheus},
  title = {Prometheus GitHub},
  year = {2025},
  url = {https://github.com/prometheus/prometheus},
  note = {Accessed: 2025-04-12}
}

@misc{grafana_loki,
  author = {Grafana},
  title = {Grafana Loki},
  year = {n.d.},
  url = {https://grafana.com/docs/grafana/latest/fundamentals/#grafana-loki},
  note = {Retrieved April 12, 2025}
}

@misc{grafana_loki_send_data,
  author = {Grafana},
  title = {Send Data to Loki},
  year = {n.d.},
  url = {https://grafana.com/docs/loki/latest/send-data/},
  note = {Retrieved April 12, 2025}
}

@misc{opentelemetry_overview,
  author = {OpenTelemetry},
  title = {What is OpenTelemetry?},
  year = {n.d.},
  url = {https://opentelemetry.io/docs/what-is-opentelemetry/},
  note = {Retrieved April 12, 2025}
}

@misc{grafana_loki_license,
  author = {Grafana},
  title = {Grafana Loki License},
  year = {2025},
  url = {https://github.com/grafana/loki/blob/main/LICENSE},
  note = {Retrieved April 12, 2025}
}

@misc{grafana_promtail,
  author = {Grafana},
  title = {Send Data to Loki with Promtail},
  year = {n.d.},
  url = {https://grafana.com/docs/loki/latest/send-data/promtail/},
  note = {Retrieved April 12, 2025}
}

@misc{UnleashFeatureFlags,
  author = {Unleash},
  title = {11 Open Source Feature Flag Tools},
  year = {2025},
  url = {https://www.getunleash.io/blog/11-open-source-feature-flag-tools},
  note = {Accessed: 14 April 2025}
}


@misc{UnleashRepo,
  author = {Unleash},
  title = {Unleash GitHub},
  year = {2025},
  url = {https://github.com/Unleash/unleash},
  note = {Accessed: 14 April 2025}
}

@misc{unleash_client_go_v3,
  author = {Unleash},
  title = {Unleash Client for Go},
  year = {2023},
  url = {https://pkg.go.dev/github.com/Unleash/unleash-client-go/v3},
  note = {Accessed: 2025-04-14}
}

@misc{unleash_resource_limits,
  author = {Unleash},
  title = {Resource Limits Documentation},
  year = {2025},
  url = {https://docs.getunleash.io/reference/resource-limits},
  note = {Accessed: 2025-04-14}
}

@misc{unleash_activation_strategies,
  author = {Unleash},
  title = {Activation Strategies Documentation},
  year = {2025},
  url = {https://docs.getunleash.io/reference/activation-strategies},
  note = {Accessed: 2025-04-14}
}

@misc{just-the-docs,
  title = {Just the Docs},
  year = {2025},
  author = {just-the-docs},
  url = {https://just-the-docs.com/},
  note = {Accessed: 15 April 2025}
}

@misc{hugo,
  title = {Hugo - The world's fastest framework for building websites},
  url = {https://gohugo.io/},
  author = {Hugo},
  note = {Accessed: 15 April 2025}
}

@misc{astro,
  title = {Astro - Build faster websites},
  url = {https://astro.build/},
  author = {Astro},
  note = {Accessed: 15 April 2025}
}

@misc{jekyll,
  title = {Jekyll - A simple, blog-aware, static site generator},
  url = {https://jekyllrb.com/},
  author = {Jekyll},
  note = {Accessed: 15 April 2025}
}

@misc{GitHubPagesJekyll,
  author = {GitHub},
  title = {Setting Up a GitHub Pages Site with Jekyll},
  year = {2025},
  url = {https://docs.github.com/en/pages/setting-up-a-github-pages-site-with-jekyll},
  note = {Accessed: 15 April 2025}
}

@misc{GitHubPagesLimits,
  author = {GitHub},
  title = {GitHub Pages Limits},
  year = {2025},
  url = {https://docs.github.com/en/pages/getting-started-with-github-pages/github-pages-limits},
  note = {Accessed: 15 April 2025}
}

@misc{NginxWebsite,
  author = {Nginx},
  title = {Nginx},
  year = {2025},
  url = {https://nginx.org/en/},
  note = {Accessed: 15 April 2025}
}

@misc{DockerHubPolicies,
  author = {Jain, Tushar},
  title = {Revisiting Docker Hub Policies: Prioritizing Developer Experience},
  year = {2025},
  url = {https://www.docker.com/blog/revisiting-docker-hub-policies-prioritizing-developer-experience/},
  note = {Accessed: 15 April 2025}
}

@misc{dockerhubmirror,
  author = {Docker},
  title = {Mirror the Docker Hub library},
  year = {2025},
  url = {https://docs.docker.com/docker-hub/image-library/mirror/},
  note = {Accessed: 15 April 2025}
}

@misc{harbor,
  author = {Harbor},
  title = {Harbor - Cloud Native Registry},
  year = {2025},
  url = {https://goharbor.io/},
  note = {Accessed: 15 April 2025}
}

@misc{atlassian_containers_vs_vms,
  author = {Buchanan, Ian},
  title = {Containers vs Virtual Machines},
  year = {2025},
  url = {https://www.atlassian.com/microservices/cloud-computing/containers-vs-vms},
  note = {Accessed: 16 April 2025}
}

@misc{nix_language_tutorial,
  author = {nix.dev},
  title = {Nix Language Basics},
  year = {2025},
  url = {https://nix.dev/tutorials/nix-language.html},
  note = {Accessed: 16 April 2025}
}


@misc{nixos_vm_configuration,
  author = {nix.dev},
  title = {NixOS Virtual Machines},
  year = {2025},
  url = {https://nix.dev/tutorials/nixos/nixos-configuration-on-vm.html},
  note = {Accessed: 16 April 2025}
}

@misc{kubevirt_disks_volumes,
  author = {KubeVirt},
  title = {Filesystems, Disks and Volumes},
  year = {2025},
  url = {https://kubevirt.io/user-guide/storage/disks_and_volumes/},
  note = {Accessed: 16 April 2025}
}

@misc{kubevirt_cncf,
  author = {Cloud Native Computing Foundation},
  title = {KubeVirt - CNCF},
  year = {2025},
  url = {https://www.cncf.io/projects/kubevirt/},
  note = {Accessed: 16 April 2025}
}

@misc{kubevirt_license,
  author = {KubeVirt},
  title = {KubeVirt License},
  year = {2025},
  url = {https://github.com/kubevirt/kubevirt/blob/main/LICENSE},
  note = {Accessed: 16 April 2025}
}

@misc{kubevirt_installation,
  author = {KubeVirt},
  title = {KubeVirt Installation Guide},
  year = {2025},
  url = {https://kubevirt.io/user-guide/cluster_admin/installation/},
  note = {Accessed: 16 April 2025}
}

@misc{kubevirt_architecture,
  author = {KubeVirt},
  title = {KubeVirt Architecture Overview},
  year = {2025},
  url = {https://kubevirt.io/user-guide/architecture/},
  note = {Accessed: 16 April 2025}
}

@misc{GitHubDependabotVersion2025,
  author = {GitHub},
  title = {Configuring Dependabot Version Updates},
  year = {2025},
  url = {https://docs.github.com/en/code-security/dependabot/dependabot-version-updates/configuring-dependabot-version-updates},
  note = {Accessed: 2025-04-16}
}

@misc{SonarQubeDocs2025,
  author = {SonarSource},
  title = {SonarQube Documentation},
  year = {2025},
  url = {https://docs.sonarsource.com/sonarqube-server/latest/},
  note = {Accessed: 2025-04-16}
}

@misc{SonarCloudPricing2025,
  author = {SonarSource},
  title = {SonarCloud Plans and Pricing},
  year = {2025},
  url = {https://www.sonarsource.com/plans-and-pricing/sonarcloud/},
  note = {Accessed: 2025-04-16}
}

@misc{SonarQubeLicense2025,
  author = {SonarSource},
  title = {SonarQube License},
  year = {2025},
  url = {https://github.com/SonarSource/sonarqube/blob/master/LICENSE.txt},
  note = {Accessed: 2025-04-16}
}

@misc{SonarQubeConnectedMode2025,
  author = {SonarSource},
  title = {Connected Mode in SonarQube Cloud},
  year = {2025},
  url = {https://docs.sonarsource.com/sonarqube-cloud/improving/connected-mode/},
  note = {Accessed: 2025-04-16}
}

@misc{SuperLinter2025,
  author = {GitHub},
  title = {Super Linter},
  year = {2025},
  url = {https://github.com/super-linter/super-linter},
  note = {Accessed: 2025-04-16}
}
@misc{TailscaleDocs,
  author = {Tailscale},
  title = {What is Tailscale?},
  year = {2025},
  url = {https://tailscale.com/kb/1151/what-is-tailscale},
  note = {Accessed: 2025-04-17}
}

@misc{TailscaleOpenSource,
  author = {Tailscale},
  title = {Open Source at Tailscale},
  year = {2025},
  url = {https://tailscale.com/opensource},
  note = {Accessed: 2025-04-17}
}

@misc{s3qlfaq,
  author = {Rath, Nikolaus},
  title = {S3QL Frequently Asked Questions},
  year = {2025},
  url = {https://www.rath.org/s3ql-docs/faq.html},
  note = {Accessed: 17 April 2025}
}

@misc{s3qlrepo,
  author = {S3QL},
  title = {S3QL GitHub},
  year = {2025},
  url = {https://github.com/s3ql/s3ql},
  note = {Accessed: 17 April 2025}
}

@misc{s3fsrepo,
  author = {s3fs-fuse},
  title = {S3FS GitHub},
  year = {2025},
  url = {https://github.com/s3fs-fuse/s3fs-fuse},
  note = {Accessed: 17 April 2025}
}

@misc{miniosdu,
  author = {UCloud},
  title = {MinIO Documentation},
  year = {2025},
  url = {https://docs.cloud.sdu.dk/Apps/minio.html},
  note = {Accessed: 17 April 2025}
}

@misc{PulumiHelmChart,
  title = {Pulumi Kubernetes API Documentation - Helm Chart v4},
  author = {Pulumi},
  year = {2025},
  url = {https://www.pulumi.com/registry/packages/kubernetes/api-docs/helm/v4/chart/},
  note = {Accessed: 2025-04-18}
}

@misc{PulumiHelmRelease,
  title = {Pulumi Kubernetes API Documentation - Helm Release v3},
  author = {Pulumi},
  year = {2025},
  url = {https://www.pulumi.com/registry/packages/kubernetes/api-docs/helm/v3/release/},
  note = {Accessed: 2025-04-18}
}

@misc{PulumiKubernetesChartV4,
  title = {New: Helm Chart v4 resource with new features and languages},
  author = {Wright, Eron},
  year = {2025},
  url = {https://www.pulumi.com/blog/kubernetes-chart-v4/},
  note = {Accessed: 2025-04-18}
}

@misc{ctfd_github,
  author = {{CTFd}},
  title = {CTFd GitHub Repository},
  year = {2025},
  url = {https://github.com/CTFd/CTFd/tree/master},
  note = {Accessed: 18 April 2025}
}

@misc{ctfd_docker,
  author = {{CTFd}},
  title = {CTFd Docker Image},
  year = {2025},
  url = {https://hub.docker.com/r/ctfd/ctfd/},
  note = {Accessed: 18 April 2025}
}

@misc{CTFdInitialization,
  author = {CTFd},
  title = {CTFd Initialization Utils},
  year = {2024},
  howpublished = {\url{https://github.com/CTFd/CTFd/blob/ce098c38ffc10e881a8ce6f5361b7c54d52c369d/CTFd/utils/initialization/__init__.py\#L294}},
  note = {Accessed: 2025-04-18}
}

@misc{CTFdConfig,
  author = {CTFd},
  title = {CTFd Configuration File},
  year = {2025},
  howpublished = {\texttt{https://github.com/CTFd/CTFd/blob/master/CTFd/config.ini}},
  note = {Accessed: 2025-04-18}
}

@misc{CTFdChallengeTypes,
  author    = {CTFd},
  title     = {Challenge Types Plugin},
  year      = {2025},
  url       = {https://docs.ctfd.io/docs/plugins/challenge-types/},
  note      = {Accessed: 21 April 2025}
}

@misc{bitnamiKeycloak,
  author    = {Bitnami},
  title     = {Bitnami Keycloak Docker Image},
  year      = {2025},
  url       = {https://hub.docker.com/r/bitnami/keycloak},
  note      = {Accessed: 21 April 2025}
}

@misc{bitnamiKeycloakHelm,
  author    = {Bitnami},
  title     = {Bitnami Keycloak Helm Chart},
  year      = {2025},
  url       = {https://github.com/bitnami/charts/tree/main/bitnami/keycloak},
  note      = {Accessed: 21 April 2025}
}

@misc{pulumiKeycloak,
  author    = {Pulumi},
  title     = {Pulumi Keycloak Package Registry},
  year      = {2025},
  url       = {https://www.pulumi.com/registry/packages/keycloak/},
  note      = {Accessed: 21 April 2025}
}

@misc{dockerInsecureRegistries,
  author = {Docker},
  title = {Docker Daemon - Insecure Registries},
  year = {2025},
  url = {https://docs.docker.com/reference/cli/dockerd/#insecure-registries},
  note = {Accessed: 2025-04-29}
}
